@inproceedings{wan2000functional,
  title={Functional reactive programming from first principles},
  author={Wan, Zhanyong and Hudak, Paul},
  booktitle={ACM SIGPLAN Notices},
  volume={35},
  number={5},
  pages={242--252},
  year={2000},
  organization={ACM}
}

@inproceedings{czaplicki2013asynchronous,
  title={Asynchronous functional reactive programming for GUIs},
  author={Czaplicki, Evan and Chong, Stephen},
  booktitle={Proceedings of the 34th ACM SIGPLAN conference on Programming language design and implementation},
  pages={411--422},
  year={2013},
  organization={ACM}
}
@phdthesis{sculthorpe2011towards,
  title={Towards safe and efficient functional reactive programming},
  author={Sculthorpe, Neil},
  year={2011},
  school={University of Nottingham}
}
@inproceedings{elliott2009push,
  title={Push-pull functional reactive programming},
  author={Elliott, Conal M},
  booktitle={Proceedings of the 2nd ACM SIGPLAN symposium on Haskell},
  pages={25--36},
  year={2009},
  organization={ACM}
}
@article{baggen2012standardized,
  title={Standardized code quality benchmarking for improving software maintainability},
  author={Baggen, Robert and Correia, Jos{\'e} Pedro and Schill, Katrin and Visser, Joost},
  journal={Software Quality Journal},
  volume={20},
  number={2},
  pages={287--307},
  year={2012},
  publisher={Springer}
}
@inproceedings{boehm1976quantitative,
  title={Quantitative evaluation of software quality},
  author={Boehm, Barry W and Brown, John R and Lipow, Mlity},
  booktitle={Proceedings of the 2nd international conference on Software engineering},
  pages={592--605},
  year={1976},
  organization={IEEE Computer Society Press}
}
@article{harrison1996comparing,
  title={Comparing programming paradigms: an evaluation of functional and object-oriented programs},
  author={Harrison, R and Smaraweera, LG and Dobie, MR and Lewis, PH},
  journal={Software Engineering Journal},
  volume={11},
  number={4},
  pages={247--254},
  year={1996},
  publisher={IET}
}
@article{hughes1989functional,
  title={Why functional programming matters},
  author={Hughes, John},
  journal={The computer journal},
  volume={32},
  number={2},
  pages={98--107},
  year={1989},
  publisher={Br Computer Soc}
}
@inproceedings{wadler1992essence,
  title={The essence of functional programming},
  author={Wadler, Philip},
  booktitle={Proceedings of the 19th ACM SIGPLAN-SIGACT symposium on Principles of programming languages},
  pages={1--14},
  year={1992},
  organization={ACM}
}
@inproceedings{peyton1993imperative,
  title={Imperative functional programming},
  author={Peyton Jones, Simon L and Wadler, Philip},
  booktitle={Proceedings of the 20th ACM SIGPLAN-SIGACT symposium on Principles of programming languages},
  pages={71--84},
  year={1993},
  organization={ACM}
}
@article{hudak1989conception,
  title={Conception, evolution, and application of functional programming languages},
  author={Hudak, Paul},
  journal={ACM Computing Surveys (CSUR)},
  volume={21},
  number={3},
  pages={359--411},
  year={1989},
  publisher={ACM}
}
@online{reactive2013,
    title={The Reactive Manifesto},
    year={2013},
    url={http://www.reactivemanifesto.org/}
}
@online{parent2006adobe,
    title={A Possible Future of Software Development},
    year={2006},
    url={http://stlab.adobe.com/wiki/images/0/0c/Possible_future.pdf}
}
@online{netflix2013,
    author={Christensen, Ben and Husain, Jafar},
    title={Functional Reactive in the Netflix API with RxJava},
    year={2013},
    url={http://techblog.netflix.com/2013/02/rxjava-netflix-api.html}
}
@online{futurice2014,
    author={Tuominen, Timo},
    title={Top 7 Tips for RxJava on Android},
    year={2014},
    url={http://blog.futurice.com/top-7-tips-for-rxjava-on-android}
}
@online{flowdock2013,
    author={Lautanala, Ville},
    title={Bacon.js makes functional reactive programming sizzle},
    year={2013},
    url={http://blog.flowdock.com/2013/01/22/functional-reactive-programming-with-bacon-js/}
}
@online{microsoft2010design,
    author={Microsoft Corporation},
    title={Rx Design Guidelines},
    year={2010},
    url={http://blogs.msdn.com/b/rxteam/archive/2010/10/28/rx-design-guidelines.aspx}
}
@article{hudak1994haskell,
  title={Haskell vs. Ada vs. C++ vs. awk vs.... an experiment in software prototyping productivity},
  author={Hudak, Paul and Jones, Mark P},
  journal={Contract},
  volume={14},
  number={92-C},
  pages={0153},
  year={1994}
}
@incollection{courtney2001frappe,
  title={Frapp{\'e}: Functional reactive programming in Java},
  author={Courtney, Antony},
  booktitle={Practical Aspects of Declarative Languages},
  pages={29--44},
  year={2001},
  publisher={Springer}
}
@book{hudak2000haskell,
  title={The Haskell school of expression: learning functional programming through multimedia},
  author={Hudak, Paul},
  year={2000},
  publisher={Cambridge University Press}
}
@article{wadler1992comprehending,
  title={Comprehending monads},
  author={Wadler, Philip},
  journal={Mathematical Structures in Computer Science},
  volume={2},
  number={04},
  pages={461--493},
  year={1992},
  publisher={Cambridge Univ Press}
}
@inproceedings{elliott1997functional,
  title={Functional reactive animation},
  author={Elliott, Conal and Hudak, Paul},
  booktitle={ACM SIGPLAN Notices},
  volume={32},
  number={8},
  pages={263--273},
  year={1997},
  organization={ACM}
}
@thesis{czaplicki2012elm,
  title={Elm: Concurrent FRP for Functional GUIs},
  author={Czaplicki, Evan},
  year={2012}
}
@article{maier2010deprecating,
  title={Deprecating the observer pattern},
  author={Maier, Ingo and Rompf, Tiark and Odersky, Martin},
  year={2010},
  publisher={Citeseer}
}
@inproceedings{colacco2004towards,
  title={Towards a higher-order synchronous data-flow language},
  author={Cola{\c{c}}o, Jean-Louis and Girault, Alain and Hamon, Gr{\'e}goire and Pouzet, Marc},
  booktitle={Proceedings of the 4th ACM international conference on Embedded software},
  pages={230--239},
  year={2004},
  organization={ACM}
}
@inproceedings{courtney2001genuinely,
  title={Genuinely functional user interfaces},
  author={Courtney, Antony and Elliott, Conal},
  booktitle={Haskell Workshop},
  pages={41--69},
  year={2001}
}
@book{gamma1994design,
  title={Design patterns: elements of reusable object-oriented software},
  author={Gamma, Erich and Helm, Richard and Johnson, Ralph and Vlissides, John},
  year={1994},
  publisher={Pearson Education}
}
@phdthesis{cooper2008integrating,
  title={Integrating dataflow evaluation into a practical higher-order call-by-value language},
  author={Cooper, Gregory Harold},
  year={2008},
  school={Brown University}
}
@inproceedings{nilsson2002functional,
  title={Functional reactive programming, continued},
  author={Nilsson, Henrik and Courtney, Antony and Peterson, John},
  booktitle={Proceedings of the 2002 ACM SIGPLAN workshop on Haskell},
  pages={51--64},
  year={2002},
  organization={ACM}
}
@inproceedings{courtney2003yampa,
  title={The yampa arcade},
  author={Courtney, Antony and Nilsson, Henrik and Peterson, John},
  booktitle={Proceedings of the 2003 ACM SIGPLAN workshop on Haskell},
  pages={7--18},
  year={2003},
  organization={ACM}
}
@inproceedings{meyerovich2009flapjax,
  title={Flapjax: a programming language for Ajax applications},
  author={Meyerovich, Leo A and Guha, Arjun and Baskin, Jacob and Cooper, Gregory H and Greenberg, Michael and Bromfield, Aleks and Krishnamurthi, Shriram},
  booktitle={ACM SIGPLAN Notices},
  volume={44},
  number={10},
  pages={1--20},
  year={2009},
  organization={ACM}
}
@article{ranganath2012exploring,
  title={Exploring the Current Landscape of Programming Paradigm and Models},
  author={Ranganath, Venkatesh Prasad},
  journal={CSI Communications},
  pages={7},
  year={2012},
  publisher={Citeseer}
}
@incollection{wan2002event,
  title={Event-driven FRP},
  author={Wan, Zhanyong and Taha, Walid and Hudak, Paul},
  booktitle={Practical Aspects of Declarative Languages},
  pages={155--172},
  year={2002},
  publisher={Springer}
}
@book{lea2000concurrent,
  title={Concurrent programming in Java: design principles and patterns},
  author={Lea, Douglas},
  year={2000},
  publisher={Addison-Wesley Professional}
}
@article{mens2004survey,
  title={A survey of software refactoring},
  author={Mens, Tom and Tourw{\'e}, Tom},
  journal={Software Engineering, IEEE Transactions on},
  volume={30},
  number={2},
  pages={126--139},
  year={2004},
  publisher={IEEE}
}
@article{fenton1999software,
  title={Software metrics: successes, failures and new directions},
  author={Fenton, Norman E and Neil, Martin},
  journal={Journal of Systems and Software},
  volume={47},
  number={2},
  pages={149--157},
  year={1999},
  publisher={Elsevier}
}
@article{hall1997implementing,
  title={Implementing effective software metrics programs},
  author={Hall, Tracy and Fenton, Norman},
  journal={IEEE software},
  volume={14},
  number={2},
  pages={55--65},
  year={1997}
}
@article{harrison1995estimating,
  title={Estimating the quality of functional programs: an empirical investigation},
  author={Harrison, R and Samaraweera, LG and Dobie, Mark R and Lewis, Paul H},
  journal={Information and Software Technology},
  volume={37},
  number={12},
  pages={701--707},
  year={1995},
  publisher={Elsevier}
}
@article{harrison1996evaluation,
  title={An evaluation of code metrics for object-oriented programs},
  author={Harrison, R and Samaraweera, LG and Dobie, Mark R and Lewis, Paul H},
  journal={Information and Software Technology},
  volume={38},
  number={7},
  pages={443--450},
  year={1996},
  publisher={Elsevier}
}
@article{basili1996validation,
  title={A validation of object-oriented design metrics as quality indicators},
  author={Basili, Victor R and Briand, Lionel C. and Melo, Walc{\'e}lio L},
  journal={Software Engineering, IEEE Transactions on},
  volume={22},
  number={10},
  pages={751--761},
  year={1996},
  publisher={IEEE}
}
@article{li1993object,
  title={Object-oriented metrics that predict maintainability},
  author={Li, Wei and Henry, Sallie},
  journal={Journal of systems and software},
  volume={23},
  number={2},
  pages={111--122},
  year={1993},
  publisher={Elsevier}
}
@article{chidamber1994metrics,
  title={A metrics suite for object oriented design},
  author={Chidamber, Shyam R and Kemerer, Chris F},
  journal={Software Engineering, IEEE Transactions on},
  volume={20},
  number={6},
  pages={476--493},
  year={1994},
  publisher={IEEE}
}
@phdthesis{ryder2004software,
  title={Software Measurement for Functional Programming},
  author={Ryder, Christopher},
  year={2004},
  school={Citeseer}
}
@inproceedings{ryder2005software,
  title={Software metrics: measuring Haskell.},
  author={Ryder, Chris and Thompson, Simon J},
  booktitle={Trends in Functional Programming},
  pages={31--46},
  year={2005}
}
@article{van1995software,
  title={Software measurement and functional programming},
  author={van den Berg, Klaas Gerrit},
  year={1995}
}
@inproceedings{li2003tool,
  title={Tool support for refactoring functional programs},
  author={Li, Huiqing and Reinke, Claus and Thompson, Simon},
  booktitle={Proceedings of the 2003 ACM SIGPLAN workshop on Haskell},
  pages={27--38},
  year={2003},
  organization={ACM}
}
@article{mccabe1976complexity,
  title={A complexity measure},
  author={McCabe, Thomas J},
  journal={Software Engineering, IEEE Transactions on},
  number={4},
  pages={308--320},
  year={1976},
  publisher={IEEE}
}
@article{kitchenham2002preliminary,
  title={Preliminary guidelines for empirical research in software engineering},
  author={Kitchenham, Barbara A and Pfleeger, Shari Lawrence and Pickard, Lesley M and Jones, Peter W and Hoaglin, David C. and El Emam, Khaled and Rosenberg, Jarrett},
  journal={Software Engineering, IEEE Transactions on},
  volume={28},
  number={8},
  pages={721--734},
  year={2002},
  publisher={IEEE}
}
@article{henry1981software,
  title={Software structure metrics based on information flow},
  author={Henry, Sallie and Kafura, Dennis},
  journal={Software Engineering, IEEE Transactions on},
  number={5},
  pages={510--518},
  year={1981},
  publisher={IEEE}
}
@incollection{chitil2003transforming,
  title={Transforming Haskell for tracing},
  author={Chitil, Olaf and Runciman, Colin and Wallace, Malcolm},
  booktitle={Implementation of Functional Languages},
  pages={165--181},
  year={2003},
  publisher={Springer}
}
@inproceedings{reinke2001ghood,
  title={GHood--Graphical Visualisation and Animation of Haskell Object Observations},
  author={Reinke, Claus},
  booktitle={ACM SIGPLAN Haskell Workshop, Firenze, Italy},
  volume={59},
  year={2001},
  organization={Elsevier Science}
}
@article{graves2000predicting,
  title={Predicting fault incidence using software change history},
  author={Graves, Todd L and Karr, Alan F and Marron, James S and Siy, Harvey},
  journal={Software Engineering, IEEE Transactions on},
  volume={26},
  number={7},
  pages={653--661},
  year={2000},
  publisher={IEEE}
}
@article{mens2003refactoring,
  title={Refactoring: Current research and future trends},
  author={Mens, Tom and Demeyer, Serge and Du Bois, Bart and Stenten, Hans and Van Gorp, Pieter},
  journal={Electronic Notes in Theoretical Computer Science},
  volume={82},
  number={3},
  pages={483--499},
  year={2003},
  publisher={Elsevier}
}
@book{jones2003haskell,
  title={Haskell 98 language and libraries: the revised report},
  author={Jones, Simon L Peyton},
  year={2003},
  publisher={Cambridge University Press}
}
@incollection{barnes2000evolution,
  title={The evolution and testing of a medium sized numerical package},
  author={Barnes, David and Hopkins, Tim},
  booktitle={Advances in Software Tools for Scientific Computing},
  pages={225--237},
  year={2000},
  publisher={Springer}
}
@article{kitchenham1996software,
  title={Software quality: The elusive target},
  author={Kitchenham, Barbara and Pfleeger, Shari Lawrence},
  journal={IEEE software},
  volume={13},
  number={1},
  pages={12--21},
  year={1996},
  publisher={IEEE Computer Society}
}
@book{fowler1999refactoring,
  title={Refactoring: improving the design of existing code},
  author={Fowler, Martin},
  year={1999},
  publisher={Addison-Wesley Professional}
}
@book{sebesta2002concepts,
  title={Concepts of programming languages},
  author={Sebesta, Robert W},
  edition={10th},
  year={2002},
  publisher={Addison-Wesley Reading}
}
@article{backus1978can,
  title={Can programming be liberated from the von Neumann style?: a functional style and its algebra of programs},
  author={Backus, John},
  journal={Communications of the ACM},
  volume={21},
  number={8},
  pages={613--641},
  year={1978},
  publisher={ACM}
}
@article{church1932set,
  title={A set of postulates for the foundation of logic},
  author={Church, Alonzo},
  journal={Annals of mathematics},
  pages={346--366},
  year={1932},
  publisher={JSTOR}
}
@article{turing1936computable,
  title={On computable numbers, with an application to the Entscheidungsproblem},
  author={Turing, Alan Mathison},
  journal={J. of Math},
  volume={58},
  pages={345--363},
  year={1936}
}
@inproceedings{hudak2007history,
  title={A history of Haskell: being lazy with class},
  author={Hudak, Paul and Hughes, John and Peyton Jones, Simon and Wadler, Philip},
  booktitle={Proceedings of the third ACM SIGPLAN conference on History of programming languages},
  pages={12--1},
  year={2007},
  organization={ACM}
}
